@article{Hubbard59,
  title = {Calculation of Partition Functions},
  author = {Hubbard, J.},
  journal = {Phys. Rev. Lett.},
  volume = {3},
  issue = {2},
  pages = {77--78},
  numpages = {0},
  year = {1959},
  month = {Jul},
  publisher = {American Physical Society},
  doi = {10.1103/PhysRevLett.3.77},
  url = {http://link.aps.org/doi/10.1103/PhysRevLett.3.77}
}
@article{efron1981,
author = "Efron, B. and Stein, C.",
doi = "10.1214/aos/1176345462",
fjournal = "The Annals of Statistics",
journal = "Ann. Statist.",
month = may,
number = "3",
pages = "586--596",
publisher = "The Institute of Mathematical Statistics",
title = "The Jackknife Estimate of Variance",
volume = "9",
year = "1981"
}
